@article{pdg,
  author    = {Caso, C., Gurtu, A.},
  title     = {{The Z Boson}},
  journal   = {Phys. Rev. D, Particles and Fields},
  year      = {2002},
  volume    = {66},
  pages     = {295}
}


@book{manual,
  author    = {Köhli, M.},
  title     = {Superconducting Quantum Interference Device, Fort\-ge\-schritte\-nen-Prak\-ti\-kum I},
  publisher = {Institut für Mathematik und Physik, Albert-Ludwigs-Universität, Freiburg},
  year      = {2011}
}

@book{staatsex,
  author    = {{Bange, V.}},
  title     =  {Einrichtung des Versuches "`SQUID"'; Staatsexamensarbeit},
  publisher = {Freiburg},
  year      = {2000}
}

@book{dem2,
  author    = {{Demtröder, W.}},
  title     = {Experimentalphysik 2, Elektrizität und Optik, 6. Auflage},
  publisher = {Springer Spektrum},
  year      = {2013}
}

@book{userman,
  author    = {{Jülicher SQUID GmbH}},
  title     = {User Manual for JSQ Magnetometer SQUID and Electronics},
  publisher = {Research Center Jülich},
  year      = {2007}
}
