@book{staatsex,
  author    = {{Träris, A.}},
  title     =  {Simulation und Vorversuche zur Messung des Betaspektrums nach dem Myonzerfall; Staatsexamsensarbeit},
  publisher = {Freiburg},
  year      = {1993}
}

@book{dem4,
  author    = {{Demtröder, W.}},
  title     = {Experimentalphysik 4, Kern-, Teilchen- und Astrophysik, 3. Auflage},
  publisher = {Springer Spektrum},
  year      = {2010}
}

@book{kosmische-strahlung,
  title = {DESY-Praktikum der Universität Hamburg: Kosmische Strahlung, Summary, Literaturmappe zum Praktikumsversuch "Lebensdauer von Myonen"}
}