@Book{manual,
  author	= {{Köhli, M.}},
  title 	= {Versuchsanleitung, Fortgeschrittenenpraktikum Teil II: Optisches Pumpen},
  publisher = {Institut für Mathematik und Physik, Albert-Ludwigs-Universität, Freiburg im Breisgau},
  year 		= {2011},
}
